@inproceedings{reppy1991cml,
  title={CML: A higher concurrent language},
  author={Reppy, John H},
  booktitle={Proceedings of the ACM SIGPLAN 1991 conference on Programming language design and implementation},
  pages={293--305},
  year={1991}
}

@inproceedings{fluet2007manticore,
  title={Manticore: A heterogeneous parallel language},
  author={Fluet, Matthew and Rainey, Mike and Reppy, John and Shaw, Adam and Xiao, Yingqi},
  booktitle={Proceedings of the 2007 workshop on Declarative aspects of multicore programming},
  pages={37--44},
  year={2007}
}

@inproceedings{farvardin2020folklore,
  title={From folklore to fact: comparing implementations of stacks and continuations},
  author={Farvardin, Kavon and Reppy, John},
  booktitle={Proceedings of the 41st ACM SIGPLAN Conference on Programming Language Design and Implementation},
  pages={75--90},
  year={2020}
}

@techreport{fisher2002compiler,
  title={Compiler support for lightweight concurrency},
  author={Fisher, Kathleen and Reppy, John},
  year={2002},
  institution={Technical memorandum, Bell Labs}
}

@inproceedings{vii2007type,
  title={Type-safe distributed programming with ML5},
  author={Tom {Murphy VII} and Crary, Karl and Harper, Robert},
  booktitle={International Symposium on Trustworthy Global Computing},
  pages={108--123},
  year={2007},
  organization={Springer}
}

@article{yelick1998titanium,
  title={Titanium: a high-performance Java dialect},
  author={Yelick, Kathy and Semenzato, Luigi and Pike, Geoff and Miyamoto, Carleton and Liblit, Ben and Krishnamurthy, Arvind and Hilfinger, Paul and Graham, Susan and Gay, David and Colella, Phil and others},
  journal={Concurrency and Computation: Practice and Experience},
  volume={10},
  number={11-13},
  pages={825--836},
  year={1998},
  publisher={Wiley Online Library}
}

@article{coppo2016global,
  title={Global progress for dynamically interleaved multiparty sessions.},
  author={Coppo, Mario and Dezani-Ciancaglini, Mariangiola and Yoshida, Nobuko and Padovani, Luca},
  journal={Math. Struct. Comput. Sci.},
  volume={26},
  number={2},
  pages={238--302},
  year={2016}
}

@inproceedings{honda2008multiparty,
  title={Multiparty asynchronous session types},
  author={Honda, Kohei and Yoshida, Nobuko and Carbone, Marco},
  booktitle={Proceedings of the 35th annual ACM SIGPLAN-SIGACT symposium on Principles of programming languages},
  pages={273--284},
  year={2008}
}

@article{v2019pretend,
  title={Pretend synchrony: synchronous verification of asynchronous distributed programs},
  author={Gleissenthall, Klaus and K{\i}c{\i}, Rami G{\"o}khan and Bakst, Alexander and Stefan, Deian and Jhala, Ranjit},
  journal={Proceedings of the ACM on Programming Languages},
  volume={3},
  number={POPL},
  pages={1--30},
  year={2019},
  publisher={ACM New York, NY, USA}
}

@inproceedings{kuper2013lvars,
  title={LVars: lattice-based data structures for deterministic parallelism},
  author={Kuper, Lindsey and Newton, Ryan R},
  booktitle={Proceedings of the 2nd ACM SIGPLAN workshop on Functional high-performance computing},
  pages={71--84},
  year={2013}
}

@incollection{kitchin2009orc,
  title={The Orc programming language},
  author={Kitchin, David and Quark, Adrian and Cook, William and Misra, Jayadev},
  booktitle={Formal techniques for Distributed Systems},
  pages={1--25},
  year={2009},
  publisher={Springer}
}

@book{milner1999communicating,
  title={Communicating and mobile systems: the pi calculus},
  author={Milner, Robin},
  year={1999},
  publisher={Cambridge university press}
}

@inproceedings{epstein2011towards,
  title={Towards Haskell in the cloud},
  author={Epstein, Jeff and Black, Andrew P and Peyton-Jones, Simon},
  booktitle={Proceedings of the 4th ACM symposium on Haskell},
  pages={118--129},
  year={2011}
}

@article{armstrong1993concurrent,
  title={Concurrent programming in ERLANG},
  author={Armstrong, Joe and Virding, Robert and Wikstr{\"o}m, Claes and Williams, Mike},
  year={1993},
  publisher={Citeseer}
}

@inproceedings{yoshida2010parameterised,
  title={Parameterised multiparty session types},
  author={Yoshida, Nobuko and Deni{\'e}lou, Pierre-Malo and Bejleri, Andi and Hu, Raymond},
  booktitle={International Conference on Foundations of Software Science and Computational Structures},
  pages={128--145},
  year={2010},
  organization={Springer}
}

@inproceedings{bocchino2009parallel,
  title={Parallel programming must be deterministic by default},
  author={Bocchino Jr, Robert L and Adve, Vikram S and Adve, Sarita V and Snir, Marc},
  booktitle={Proceedings of the First USENIX conference on Hot topics in parallelism},
  pages={4--4},
  year={2009}
}

@inproceedings{frigo1998implementation,
  title={The implementation of the Cilk-5 multithreaded language},
  author={Frigo, Matteo and Leiserson, Charles E and Randall, Keith H},
  booktitle={Proceedings of the ACM SIGPLAN 1998 conference on Programming language design and implementation},
  pages={212--223},
  year={1998}
}

@article{liskov1988distributed,
  title={Distributed programming in Argus},
  author={Liskov, Barbara},
  journal={Communications of the ACM},
  volume={31},
  number={3},
  pages={300--312},
  year={1988},
  publisher={ACM New York, NY, USA}
}

@article{10.1145/3280984,
author = {Patrignani, Marco and Ahmed, Amal and Clarke, Dave},
title = {Formal Approaches to Secure Compilation: A Survey of Fully Abstract Compilation and Related Work},
year = {2019},
issue_date = {February 2019},
publisher = {Association for Computing Machinery},
address = {New York, NY, USA},
volume = {51},
number = {6},
issn = {0360-0300},
url = {https://doi.org/10.1145/3280984},
doi = {10.1145/3280984},
journal = {ACM Comput. Surv.},
month = feb,
articleno = {Article 125},
numpages = {36},
keywords = {fully abstract compilation, contextual equivalence, Secure compilation, type preserving compilation, program equivalence}
}
  


@Inbook{Abadi1999,
author="Abadi, Mart{\'i}n",
editor="Vitek, Jan
and Jensen, Christian D.",
title="Protection in Programming-Language Translations",
bookTitle="Secure Internet Programming: Security Issues for Mobile and Distributed Objects",
year="1999",
publisher="Springer Berlin Heidelberg",
address="Berlin, Heidelberg",
pages="19--34",
abstract="We discuss abstractions for protection and the correctness of their implementations. Relying on the concept of full abstraction, we consider two examples: (1) the translation of Java classes to an intermediate bytecode language, and (2) in the setting of the pi calculus, the implementation of private channels in terms of cryptographic operations.",
isbn="978-3-540-48749-4",
doi="10.1007/3-540-48749-2_2",
url="https://doi.org/10.1007/3-540-48749-2_2"
}



@article{gdp:lcf-as-pl,
author={Plotkin, G. D.},
title={LCF Considered as a Programming Language}, journal={Theoretical Computer Science}, pages={223--255},
year=1977
}





@article{knevzevic2016low,
  title={Low-latency ECDSA signature verificationâ€”a road toward safer traffic},
  author={Kne{\v{z}}evi{\'c}, Miroslav and Nikov, Ventzislav and Rombouts, Peter},
  journal={IEEE Transactions on Very Large Scale Integration (VLSI) Systems},
  volume={24},
  number={11},
  pages={3257--3267},
  year={2016},
  publisher={IEEE}
}

@inproceedings{KSCO:MEL+17,
  author    = {Karen Myers
and
Tim Ellis
and
Tancr\`ede Lepoint
and
Ronald A. Moore
and
David Archer
and
Grit Denker
and
Steve Lu
and
Stephen Magill
and
Rafail Ostrovsky},
  title     = {Privacy Technologies for Controlled Information Sharing in Coalition Operations},
  booktitle = {Proceedings of the Ninth International Conference on Knowledge Systems for Coalition Operations 2017},
  pages     = {75--94},
  year      = {2017},
}


@misc{emp-toolkit,
   author = {Xiao Wang and Alex J. Malozemoff and Jonathan Katz},
   title = {{EMP-toolkit: Efficient MultiParty computation toolkit}},
   howpublished = {\url{https://github.com/emp-toolkit}},
   year={2016}
}

@misc{SCALEMAMBA,
	author = { Abdelrahaman Aly and Marcel Keller and Dragos Rotaru and Peter Scholl and Nigel P. Smart and Tim Wood },
	title = { SCALE-MAMBA },
	howpublished = { https://homes.esat.kuleuven.be/~nsmart/SCALE/ },
	year = { 2019 },
}

@article{asharov2017full,
  title={A full proof of the BGW protocol for perfectly secure multiparty computation},
  author={Asharov, Gilad and Lindell, Yehuda},
  journal={Journal of Cryptology},
  volume={30},
  number={1},
  pages={58--151},
  year={2017},
  publisher={Springer}
}

@inproceedings{HHNZ19,
  title={{SoK}: General Purpose Compilers for Secure Multi-Party Computation},
  author={Hastings, Marcella and Falk, Brett Hemenway and Noble, Daniel and Zdancewic, Steve},
  booktitle={S\&P},
  year={2019},
}

@inproceedings{CBMCGC,
    author = {Franz, Martin and Holzer, Andreas and Katzenbeisser, Stefan and Schallhart, Christian and Veith, Helmut},
    booktitle = {Compiler Construction},
    citeulike-article-id = {13568600},
    citeulike-linkout-0 = {http://dx.doi.org/10.1007/978-3-642-54807-9\_15},
    citeulike-linkout-1 = {http://link.springer.com/chapter/10.1007/978-3-642-54807-9\_15},
    doi = {10.1007/978-3-642-54807-9\_15},
    editor = {Cohen, Albert},
    keywords = {cbmc-gc, circuit, compiler, cryptography, garbled, mpc, yao},
    pages = {244--249},
    posted-at = {2015-04-02 16:43:19},
    priority = {2},
    publisher = {Springer Berlin Heidelberg},
    series = {Lecture Notes in Computer Science},
    title = {{CBMC-GC: An ANSI C Compiler for Secure Two-Party Computations}},
    url = {http://dx.doi.org/10.1007/978-3-642-54807-9\_15},
    volume = {8409},
    year = {2014}
}

@misc{mpyc,
  title={{MPyC:} Secure multiparty computation in {Python}},
  author={Berry Schoenmakers} ,
  month=feb,
  year={2019},
  howpublished={Github},
  url={https://github.com/lschoe/mpyc}
}

@inproceedings{Frigate,
  title={Frigate: A validated, extensible, and efficient compiler and interpreter for secure computation},
  author={Mood, Benjamin and Gupta, Debayan and Carter, Henry and Butler, Kevin and Traynor, Patrick},
  booktitle={2016 IEEE European Symposium on Security and Privacy (EuroS\&P)},
  pages={112--127},
  year={2016},
  organization={IEEE}
}



@misc{PALISADE,
	title = {PALISADE HOMOMORPHIC ENCRYPTION SOFTWARE LIBRARY},
	howpublished = {https://palisade-crypto.org/contact/},
	year = { 2019 },
}

@misc{cryptoeprint:2020:377,
    author = {Samuel Dittmer and Rafail Ostrovsky},
    title = {Oblivious tight compaction in O(n) time with smaller constant},
    howpublished = {Cryptology ePrint Archive, Report 2020/377},
    year = {2020},
    note = {\url{https://eprint.iacr.org/2020/377}},
}


@misc{cryptoeprint:2018:706,
    author = {Paul Bunn and Jonathan Katz and Eyal Kushilevitz and Rafail Ostrovsky},
    title = {Efficient 3-Party Distributed ORAM},
    howpublished = {Cryptology ePrint Archive, Report 2018/706},
    year = {2018},
    note = {\url{https://eprint.iacr.org/2018/706}},
}


@misc{cryptoeprint:2015:1153,
  author = {Samee Zahur and David Evans},
  title = {Obliv-C: A Language for Extensible Data-Oblivious Computation},
  howpublished = {Cryptology ePrint Archive, Report 2018/706},
  year = {2015},
  note = {\url{https://eprint.iacr.org/2015/1153}},
}

@inproceedings{Randmets2017ProgrammingLF,
  title={Programming Languages for Secure Multi-party Computation Application Development},
  author={Jaak Randmets},
  year={2017}
}

@InProceedings{10.1007/978-3-642-54807-9_15,
  author="Franz, Martin
  and Holzer, Andreas
  and Katzenbeisser, Stefan
  and Schallhart, Christian
  and Veith, Helmut",
  editor="Cohen, Albert",
  title="CBMC-GC: An ANSI C Compiler for Secure Two-Party Computations",
  booktitle="Compiler Construction",
  year="2014",
  publisher="Springer Berlin Heidelberg",
  address="Berlin, Heidelberg",
  pages="244--249",
}

@inproceedings{karmarkar1984new,
  title={A new polynomial-time algorithm for linear programming},
  author={Karmarkar, Narendra},
  booktitle={Proceedings of the sixteenth annual ACM symposium on Theory of computing},
  pages={302--311},
  year={1984}
}